@Misc{ITTN-074,
    author = "Silva, Cristian",
    title = "Pixel Zone Technology Control Plan",
    publisher = "{Vera C. Rubin Observatory}",
    year = "2024",
    month = "July",
    handle = "ITTN-074",
    note = "{}",
    url = "ittn-074.lsst.io"
}

